@inproceedings{java_dataset,
	author={Allamanis, Miltiadis and Sutton, Charles},
	title={{Mining Source Code Repositories at Massive Scale using Language Modeling}},
	booktitle={The 10th Working Conference on Mining Software Repositories},
	year={2013},
	pages={207--216},
	organization={IEEE}
}
@article{gosh_and_kristensson,
  author    = {Shaona Ghosh and
               Per Ola Kristensson},
  title     = {Neural Networks for Text Correction and Completion in Keyboard Decoding},
  journal   = {CoRR},
  volume    = {abs/1709.06429},
  year      = {2017},
  url       = {http://arxiv.org/abs/1709.06429},
  archivePrefix = {arXiv},
  eprint    = {1709.06429},
  timestamp = {Thu, 05 Oct 2017 09:42:58 +0200},
  biburl    = {https://dblp.org/rec/bib/journals/corr/abs-1709-06429},
  bibsource = {dblp computer science bibliography, https://dblp.org}
}
@article{karpathy_visualization,
  author    = {Andrej Karpathy and
               Justin Johnson and
               Fei{-}Fei Li},
  title     = {Visualizing and Understanding Recurrent Networks},
  journal   = {CoRR},
  volume    = {abs/1506.02078},
  year      = {2015},
  url       = {http://arxiv.org/abs/1506.02078},
  archivePrefix = {arXiv},
  eprint    = {1506.02078},
  timestamp = {Wed, 07 Jun 2017 14:42:54 +0200},
  biburl    = {https://dblp.org/rec/bib/journals/corr/KarpathyJL15},
  bibsource = {dblp computer science bibliography, https://dblp.org}
}
@article{seq2seq_tutorial,
  author  = {Minh{-}Thang Luong and Eugene Brevdo and Rui Zhao},
  title   = {Neural Machine Translation (seq2seq) Tutorial},
  journal = {https://github.com/tensorflow/nmt},
  year    = {2017},
}
